%==============================================================
%-----------------------REFERÊNCIAS----------------------------
%--------------main.tex, v1.0.0, JonathanTSilva----------------
%==============================================================

%--------------------OPÇÕES DO ABNTEX2CITE---------------------
@ABNT-options{minhasopcoes,
    abnt-emphasize="\textbf"
}
%--------------------------------------------------------------
