%==============================================================
%------------------JONATHAN TOBIAS DA SILVA--------------------
%---------------ENGENHARIA ELÉTRICA - 1ª TURMA-----------------
%-----------INSTITUTO FEDERAL - CAMPUS SERTÃOZINHO-------------
%--------------Main.tex, v1.0.0, JonathanTSilva----------------
%------------------github.com/JonathanTSilva-------------------
%==============================================================

@article{correlato1,
    Author = {Kunicki, Michal and Wotzka, Daria},
    Title = {{A Classification Method for Select Defects in Power Transformers Based on the Acoustic Signals}},
    Journal = {{SENSORS}},
    Year = {{2019}},
    Volume = {{19}},
    Number = {{23}},
    Month = {{DEC}},
    DOI = {{10.3390/s19235212}},
    Article-Number = {{5212}},
    EISSN = {{1424-8220}},
    ResearcherID-Numbers = {{Wotzka, Daria/B-7478-2013}},
    ORCID-Numbers = {{Kunicki, Michal/0000-0003-4281-0127 Wotzka, Daria/0000-0002-8861-7974}},
    Unique-ID = {{ISI:000507606200155}}
}

@article{correlato2,
    title = "Machine learning methods for wind turbine condition monitoring: A review",
    journal = "Renewable Energy",
    volume = "133",
    pages = "620 - 635",
    year = "2019",
    issn = "0960-1481",
    doi = "https://doi.org/10.1016/j.renene.2018.10.047",
    url = "http://www.sciencedirect.com/science/article/pii/S096014811831231X",
    author = "Adrian Stetco and Fateme Dinmohammadi and Xingyu Zhao and Valentin Robu and David Flynn and Mike Barnes and John Keane and Goran Nenadic",
}